
@misc{Jia13caffe,
    Author = {Yangqing Jia},
    Title = { {Caffe}: An Open Source Convolutional Architecture for Fast Feature Embedding},
    Year  = {2013},
    Howpublished = {\url{http://caffe.berkeleyvision.org/}}
}

@incollection{NIPS2012_4824,
    title = {ImageNet Classification with Deep Convolutional Neural Networks},
    author = {Alex Krizhevsky and Sutskever, Ilya and Geoffrey E. Hinton},
    booktitle = {Advances in Neural Information Processing Systems 25},
    editor = {F. Pereira and C.J.C. Burges and L. Bottou and K.Q. Weinberger},
    pages = {1097--1105},
    year = {2012},
    publisher = {Curran Associates, Inc.},
    url = {http://papers.nips.cc/paper/4824-imagenet-classification-with-deep-convolutional-neural-networks.pdf}
}

@article{DBLP:journals/corr/abs-1207-0580,
    author    = {Geoffrey E. Hinton and
                Nitish Srivastava and
                Alex Krizhevsky and
                Ilya Sutskever and
                Ruslan Salakhutdinov},
    title     = {Improving neural networks by preventing co-adaptation of
                feature detectors},
    journal   = {CoRR},
    volume    = {abs/1207.0580},
    year      = {2012},
    ee        = {http://arxiv.org/abs/1207.0580},
    bibsource = {DBLP, http://dblp.uni-trier.de}
}

@article{t-SNE,
    author    = {L.J.P van der Maaten and G.E. Hinton},
    title     = {Visualizing High-Dimensional Data Using t-SNE},
    journal   = {Journal of Machine Learning Research},
    volume    = {9: 2579–2605},
    year      = {Nov 2008},
    ee        = {http://arxiv.org/abs/1207.0580},
    bibsource = {DBLP, http://dblp.uni-trier.de}
}

@article{dset-sup,
    author    = {Marco Botta, Dipartimento di Informatica, Università di Torino},
    title     = {Artificial Character Database},
    year      = {July, 1992},
    ee        = {https://archive.ics.uci.edu/ml/machine-learning-databases/artificial-characters/}
}

